<?xml version="1.0" encoding="UTF-8" ?>
<collection xmlns:xsi="http://www.w3.org/2001/XMLSchema-instance"
    xsi:schemaLocation="http://www.loc.gov/MARC21/slim
        http://www.loc.gov/standards/marcxml/schema/MARC21slim.xsd"
    xmlns="http://www.loc.gov/MARC21/slim">
<record>
  <leader>00242cam a2200457 i 4500</leader>
  <controlfield tag="001">b12429454</controlfield>
  <controlfield tag="003">LeBAU</controlfield>
  <controlfield tag="005">20190717</controlfield>
  <controlfield tag="008">970426s1932    ua              0   ara d</controlfield>
  <datafield tag="035" ind1=" " ind2=" ">
    <subfield code="a">ocn784311490</subfield>
  </datafield>
  <datafield tag="040" ind1=" " ind2=" ">
    <subfield code="a">LEAUB</subfield>
    <subfield code="b">ara</subfield>
    <subfield code="e">rda</subfield>
    <subfield code="c">LEAUB</subfield>
    <subfield code="d">LEAUB</subfield>
  </datafield>
  <datafield tag="082" ind1="0" ind2="4">
    <subfield code="a">340.59</subfield>
    <subfield code="2">23</subfield>
  </datafield>
  <datafield tag="100" ind1="0" ind2=" ">
    <subfield code="6">880-01</subfield>
    <subfield code="a">Muʻaẓẓam,</subfield>
    <subfield code="c">Sultan of Damascus,</subfield>
    <subfield code="d">1180-1227.</subfield>
    <subfield code="e">author.</subfield>
    <subfield code="0">https://lccn.loc.gov/nr93042701 ,</subfield>
  </datafield>
  <datafield tag="245" ind1="1" ind2="0">
    <subfield code="6">880-02</subfield>
    <subfield code="a">Kitāb al-Radd ʻalā Abī Bakr al-khaṭīb al-Baghdādī :</subfield>
    <subfield code="b">fīmā dhakara fī tarjamat al-imām sirāj al-ummah Abī Ḥanīfah al-Nuʻmān ibn Thābit /</subfield>
    <subfield code="c">lil-Sulṭān al-Malik al-Muʻaẓẓam Abī al-Muẓaffar ʻĪsá ibn al-Malik al-ʻĀdil Sayf al-Dīn Abī Bakr ibn Ayyūb al-Ḥanafī, al-mawlūd sanat 578 H. wa-al-mutawaffá sanat 624 H.</subfield>
  </datafield>
  <datafield tag="246" ind1="3" ind2="0">
    <subfield code="6">880-03</subfield>
    <subfield code="a">Radd ʻalā Abī Bakr al-khaṭīb al-Baghdādī :</subfield>
    <subfield code="b">fīmā dhakara fī tarjamat al-imām sirāj al-ummah Abī Ḥanīfah al-Nuʻmān ibn Thābit</subfield>
  </datafield>
  <datafield tag="250" ind1=" " ind2=" ">
    <subfield code="6">880-04</subfield>
    <subfield code="a">al-Ṭabʻah al-ūlá.</subfield>
  </datafield>
  <datafield tag="264" ind1=" " ind2="1">
    <subfield code="6">880-05</subfield>
    <subfield code="a">Miṣr :</subfield>
    <subfield code="b">Maṭbaʻat al-Saʻādah,</subfield>
    <subfield code="c">1351 H. = 1932 M.</subfield>
  </datafield>
  <datafield tag="300" ind1=" " ind2=" ">
    <subfield code="6">880-06</subfield>
    <subfield code="a">184 pages ;</subfield>
    <subfield code="c">24 cm</subfield>
  </datafield>
  <datafield tag="336" ind1=" " ind2=" ">
    <subfield code="a">text</subfield>
    <subfield code="b">txt</subfield>
    <subfield code="2">rdacontent</subfield>
  </datafield>
  <datafield tag="337" ind1=" " ind2=" ">
    <subfield code="a">unmediated</subfield>
    <subfield code="b">n</subfield>
    <subfield code="2">rdamedia</subfield>
  </datafield>
  <datafield tag="338" ind1=" " ind2=" ">
    <subfield code="a">volume</subfield>
    <subfield code="b">nc</subfield>
    <subfield code="2">rdacarrier</subfield>
  </datafield>
  <datafield tag="500" ind1=" " ind2=" ">
    <subfield code="a">"طبع هذا السفر الجليل عن النسخة الوحيدة المحفوظة بدار الكتب المصرية، فن التاريخ رقم 153 والمخطوطة سنة 623 هـجرية في حياة المؤلف."</subfield>
  </datafield>
  <datafield tag="600" ind1="1" ind2="4">
    <subfield code="a">الخطيب البغدادي، أبو بكر أحمد بن علي،</subfield>
    <subfield code="d">1002-1071.</subfield>
    <subfield code="t">تاريخ بغداد.</subfield>
  </datafield>
  <datafield tag="600" ind1="0" ind2="4">
    <subfield code="a">أبو حنيفة،</subfield>
    <subfield code="d">-767 او 768.</subfield>
  </datafield>
  <datafield tag="600" ind1="1" ind2="0">
    <subfield code="a">Khaṭīb al-Baghdādī, Abū Bakr Aḥmad ibn ʻAlī,</subfield>
    <subfield code="d">1002-1071.</subfield>
    <subfield code="t">Tārīkh Baghdād.</subfield>
  </datafield>
  <datafield tag="600" ind1="0" ind2="0">
    <subfield code="a">Abū Ḥanīfah,</subfield>
    <subfield code="d">-767 or 768.</subfield>
  </datafield>
  <datafield tag="650" ind1=" " ind2="4">
    <subfield code="a">الفقه الاسلامي.</subfield>
  </datafield>
  <datafield tag="650" ind1=" " ind2="0">
    <subfield code="a">Islamic law.</subfield>
  </datafield>
  <datafield tag="775" ind1="0" ind2="8">
    <subfield code="6">880-07</subfield>
    <subfield code="a">Muʻaẓẓam, Sultan of Damascus, 1180-1227.</subfield>
    <subfield code="4">http://rdaregistry.info/Elements/m/P30038 :</subfield>
    <subfield code="a">المعظم، سلطان دمشق، 1180-1227.</subfield>
    <subfield code="t">al-Sahm al-muṣīb fī al-radd ʻalá al-Khaṭīb : fīmā dhakarahu fī tārīkhih ʻan al-Imām Abī Ḥanīfah al-Nuʻmān.</subfield>
    <subfield code="b">Ṭabʻah khāṣṣah li-Dār al-Nawādir.</subfield>
    <subfield code="d">Sūrīyah : Dār al-Nawādir, 1434 H. = 2013 M.</subfield>
    <subfield code="w">(LEAUB)b17700735</subfield>
    <subfield code="i">is reprinted as (manifestation)</subfield>
  </datafield>
  <datafield tag="852" ind1=" " ind2=" ">
    <subfield code="a">Jafet Library</subfield>
    <subfield code="e">American University of Beirut, Bliss Street, Beirut, Lebanon.‎</subfield>
  </datafield>
  <datafield tag="880" ind1="0" ind2=" ">
    <subfield code="6">100-01/(3/r</subfield>
    <subfield code="a">المعظم،</subfield>
    <subfield code="c">سلطان دمشق،</subfield>
    <subfield code="d">1180-1227،</subfield>
    <subfield code="0">https://lccn.loc.gov/nr93042701 ,</subfield>
    <subfield code="e">مؤلف. </subfield>
    <subfield code="4">aut.</subfield>
  </datafield>
  <datafield tag="880" ind1="3" ind2="0">
    <subfield code="6">246-03/(3/r</subfield>
    <subfield code="a">الرد على أبي بكر الخطيب البغدادي :</subfield>
    <subfield code="b">فيما ذكر في تاريخه في ترجمة الإمام سراج الأمة أبي حنيفة النعمان بن ثابت</subfield>
  </datafield>
  <datafield tag="880" ind1="1" ind2="0">
    <subfield code="6">245-02/(3/r</subfield>
    <subfield code="a">كتاب الرد على أبي بكر الخطيب البغدادي :</subfield>
    <subfield code="b">فيما ذكر في تاريخه في ترجمة الإمام سراج الأمة أبي حنيفة النعمان بن ثابت /</subfield>
    <subfield code="c">للسلطان الملك المعظم أبي المظفر عيسى إبن الملك العادل سيف الدين أبي بكر بن أيوب الحنفي، المولود سنة 578 هـ. والمتوفى سنة 624 هـ.</subfield>
  </datafield>
  <datafield tag="880" ind1=" " ind2=" ">
    <subfield code="6">250-04/(3/r</subfield>
    <subfield code="a">الطبعة الأولى.</subfield>
  </datafield>
  <datafield tag="880" ind1=" " ind2="1">
    <subfield code="6">264-05/(3/r</subfield>
    <subfield code="a">مصر :</subfield>
    <subfield code="b">مطبعة السعادة،</subfield>
    <subfield code="c">1351 هـ. = 1932 م.</subfield>
  </datafield>
  <datafield tag="880" ind1=" " ind2=" ">
    <subfield code="6">300-06/(3/r</subfield>
    <subfield code="a">184 صفحة ؛</subfield>
    <subfield code="c">24 سم</subfield>
  </datafield>
  <datafield tag="880" ind1="0" ind2="8">
    <subfield code="6">775-07/(3/r</subfield>
    <subfield code="i">is reprinted as (manifestation)</subfield>
    <subfield code="4">http://rdaregistry.info/Elements/m/P30038 :</subfield>
    <subfield code="a">اعيد إصداره ك (تجسيدة)</subfield>
    <subfield code="t">السهم المصيب في الرد على الخطيب : فيما ذكره في تاريخه عن الإمام أبي حنيفة النعمان.</subfield>
    <subfield code="b">طبعة خاصة لدار النوادر.</subfield>
    <subfield code="d">سورية : دار النوادر، 1434 هـ. = 2013 م.</subfield>
    <subfield code="w">(LEAUB)b17700735</subfield>
  </datafield>
  <datafield tag="907" ind1=" " ind2=" ">
    <subfield code="a">.b12429454</subfield>
    <subfield code="b">19-08-19</subfield>
    <subfield code="c">11-05-24</subfield>
  </datafield>
  <datafield tag="907" ind1=" " ind2=" ">
    <subfield code="a">.b12429454</subfield>
    <subfield code="b">11-10-21</subfield>
    <subfield code="c">11-05-24</subfield>
  </datafield>
  <datafield tag="945" ind1=" " ind2=" ">
    <subfield code="f">J</subfield>
    <subfield code="a">340.59:I989rA</subfield>
    <subfield code="i">01017549</subfield>
    <subfield code="j">.i12901064</subfield>
    <subfield code="l">u0503</subfield>
  </datafield>
  <datafield tag="998" ind1=" " ind2=" ">
    <subfield code="a">u05</subfield>
    <subfield code="b">97-04-26</subfield>
    <subfield code="c">m</subfield>
    <subfield code="d">a  </subfield>
    <subfield code="e">-</subfield>
    <subfield code="f">ara</subfield>
    <subfield code="g">ua </subfield>
    <subfield code="h">0</subfield>
    <subfield code="i">1</subfield>
  </datafield>
</record>
</collection>
